@article{1407857,
author={Baerentzen, J.A. and Aanaes, H.},
journal={IEEE Transactions on Visualization and Computer Graphics}, 
title={Signed distance computation using the angle weighted pseudonormal}, 
year={2005},
volume={11},
number={3},
pages={243-253},
doi={10.1109/TVCG.2005.49}
}
